%Dette vil bli mitt Biblatek 

@techreport{optimal_swing,
    author    = "Jayant E. Kulkarni",
    title     = "Time-optiomal control of a swing",
    institution = "Department of Theoretical and Applied Mechanics
    Cornell University",
    %type     = "", 
    %number   = "",
    address  = "Ithaca, NY 14850, USA",
    year      = "XXXX",
    %month    = "",
    %note     = "",
    DOI =          "https://people.ece.cornell.edu/land/courses/ece4760/ideas/swing.pdf",
}